@article{MR,
  author    = {Morita, Jun and Rehmann, Ulf},
  title     = {A Matsumoto-type theorem for Kac-Moody groups},
  journal   = {Tohoku Math. J.},
  year      = {1990},
  volume    = {42},
  number    = {4},
  pages     = {537--560},
  doi       = {10.2748/tmj/1178227573}}
  
@Article{Ti,
  Title     = {Uniqueness and presentation of Kac-Moody groups over fields},
  Author    = {Tits, Jacques},
  Journal   = {J. Algebra},
  Year      = {1987},
  Number    = {2},
  Pages     = {542--573},
  Volume    = {105},
  Doi       = {10.1016/0021-8693(87)90214-6}}
  
@article{MW, 
  title     = {$\K$ of Kac---Moody groups},
  author    = {Westaway, Matthew},
  journal   = {J. Algebra},
  volume    = {484},
  year      = {2017},
  pages     = {1--22},
  doi       = {10.1016/j.jalgebra.2017.03.024}}
  
@article{Ma,
  title     = {Sur les sous-groupes arithmetiques des groupes semi-simple deployes},
  author    = {Matsumoto, Hideya},
  journal   = {Ann. Sci. ENS},
  year      = {1969},
  number    = {1},
  pages     = {1--62},
  volume    = {2},
  url       = {http://eudml.org/doc/81843}}  